% -----------------------------------------------------------------------
% File: smc2016template.bib
% -----------------------------------------------------------------------
% separate each line item with space, otherwise the reference will not be hyperlinked
% put the keyword "and" between authors to separate them.

@book{numericalSoundSynthesis,
  author = {Stefan Bilbao},
  title = {Numerical Sound Synthesis: Finite Difference Schemes and Simulation in Musical Acoustics},
  publisher = { John Wiley and Sons},
  year = {2009}
}

@inproceedings{modularPercussion,
  author = {Stefan Bilbao},
  title = {A Modular Percussion Synthesis Environment},
  booktitle = {Proc. Int. Conf. Digital Audio Effects (DAFx-09)},
  address={Como, Italy},
  year = {2009}
}

@inproceedings{finiteDifferenceSchemesTutorial,
  author = {Stefan Bilbao and Brian Hamilton and Reginald Harrison and Alberto Torin},
  title = {Finite-Difference Schemes in Musical Acoustics: A Tutorial},
  booktitle = {Springer Handbook of Musical Acoustics},
  pages = {249--384},
  year = {2018}
}

@inproceedings{modalys,
    author = {Gerhard Eckel and Francisco Iovino and René Caussé},
    title = {Sound synthesis by physical modelling with Modalys},
    booktitle = {Proceedings of the International Symposium of Music Acoustics},
    year = {1995}
}

@inproceedings{cordisAnima,
    author = {Claude Cadoz, Annie Luciani and Jean Loup Florens},
    title = {CORDIS-ANIMA: A Modeling and Simulation System for Sound and Image Synthesis: The General Formalism},
    year = {1993},
    booktitle = {Computer Music Journal Vol. 17, No. 1},
    pages = {19--29}
}

@book{strikwerda:finiteDifferenceSchemes,
  author = {John C. Strikwerda},
  title = {Finite Difference Schemes and Partial Differential Equations, Second Editon},
  publisher = { Society for Industrial and Applied Mathematics},
  year = {2004}
} 

@misc{ wiki:vibration,
    author = {{Contributors to Wikipedia{,} The Free Encyclopedia}},
    title = "Vibration --- Multiple degrees of freedom systems and mode shapes",
    year = "2018",
    url = "https://en.wikipedia.org/wiki/Vibration#Multiple_degrees_of_freedom_systems_and_mode_shapes",
    note = "[accessed 16-December-2018]"
}

@incollection{soundingObject,
    author = {Federico Avanzini and Matthias Rath and Davide Rocchesso and Laura Ottaviani},
    chapter = 8,
    editor = {Davide Rocchesso and Federico Fontana, editors},
    title = "The Sounding Object",
    year = "2003"
}

@MISC{forceDirectedDrawing,
    author = {Stephen G. Kobourov},
    title = {Force-Directed Drawing Algorithms},
    year = {2004}
}

@MISC{discreteToContinuumModelling,
    author = {Rodolfo R. Rosales},
    title = {Force-Directed Drawing Algorithms},
    year = {2001}
}

@MISC{digitalWaveguideMeshTopologies,
    title = {Digital Waveguide Mesh Topologies in Room Acoustics Modelling},
    author = {Damian Thomas Murphy},
    year = {2001}
}

@MISC{acousticModelingUsingTheDigitalWaveGuideMesh,
    title = {Acoustic Modeling Using the Digital Waveguide Mesh},
    author = {Damian Murphy AND Antti Kelloniemi AND Jack Mullen AND Simon Shelley},
    year = {2007}
}

@MISC{digitalWaveguideEquivalence,
    title = {On the Equivalence of the Digital Waveguide and Finite Difference Time Domain Schemes},
    author = {{J. O. Smith III}},
    year = {2004}
}

@MISC{circularTopologies,
    title = {Banded Waveguides on Circular Topologies and of Beating Modes: Tibetan Singing Bowls and Glass Harmonicas},
    author = {Georg Essel AND Perry R. Cook},
    year = {2002}
}

@inproceedings{digitalWaveguideNetworks,
    title={Digital Waveguide Networks for Room Response Modeling and Synthesis},
    author={Matti Karjalainen AND Patty Huang AND Julius O. Smith III},
    booktitle={Proc. of the 118th AES conference},
    year={2005}
}

@misc{digitalWaveguideAcousticalModeling,
    title={Aspects of Digital Waveguide Networks for Acoustic Modeling Applications},
    author={{J. O. Smith III}},
    year={1997}
}

@inproceedings{hamiltonBilbao2013,
    title={Hexagonal vs. Rectilinear Grids for Explicit Finite Difference Schemes for the Two-dimensional Wave Equation},
    author={Brian Hamilton and Stefan Bilbao},
    booktitle={21st International Congress on Acoustics},
    year={2013}
}

@misc{theSoundingObject,
    title={The Sounding Object},
    author={Davide Rocchesso and Federico Fontana},
    year={2003}
}
